@article{spektrumderWissenschaft,
	author = {Altrock},
	title = {Fuzzy Logic am Praxisbeispiel | Spektrum der Wissenschaft 3 / 1993},
	date = {01.03.1993},
}

@BOOK{ZZG84,
	EDITOR="Zimmermann, H.J. and Zadeh, L.A. and Gaines, A.R.",
	TITLE="Fuzzy {S}ets and {D}ecision {A}nalysis",
	PUBLISHER="North Holland",
	ADDRESS="New York",
	YEAR=1984 
}

@article{zadeh1965fuzzy,
	title={Fuzzy sets},
	author={Zadeh, Lotfi A},
	journal={Information and control},
	volume={8},
	number={3},
	pages={338--353},
	year={1965},
	publisher={Elsevier}
}

@article{Rondeau:1997:DMR:251129.251136,
	author = {Rondeau, L. and Ruelas, R. and Levrat, L. and Lamotte, M.},
	title = {A Defuzzification Method Respecting the Fuzzification},
	journal = {Fuzzy Sets Syst.},
	issue_date = {March 16, 1997},
	volume = {86},
	number = {3},
	month = mar,
	year = {1997},
	issn = {0165-0114},
	pages = {311--320},
	numpages = {10},
	url = {http://dx.doi.org/10.1016/S0165-0114(95)00399-1},
	doi = {10.1016/S0165-0114(95)00399-1},
	acmid = {251136},
	publisher = {Elsevier North-Holland, Inc.},
	address = {Amsterdam, The Netherlands, The Netherlands},
	keywords = {defuzzification, fuzzification, membership functions},
} 

@article{175683,
	author       = {Van Leekwijck, W and Kerre, Etienne},
	issn         = {0165-0114},
	journal      = {FUZZY SETS AND SYSTEMS},
	keyword      = {fuzzy sets,defuzzification,operators,membership functions},
	language     = {eng},
	number       = {2},
	pages        = {159--178},
	title        = {Defuzzification: criteria and classification},
	volume       = {108},
	year         = {1999},
}

 @misc{ wiki:takagi,
	author = "Wikipedia",
	title = "Fuzzy-Regler ... Sugeno-Takagi-Kang-Regler
	 Wikipedia{,} Die freie Enzyklop√§die",
	year = "2017",
	url = "https://de.wikipedia.org/w/index.php?title=Fuzzy-Regler&oldid=161588358",
	note = "[Online; Stand 13. Februar 2017]"
}

@Inbook{Nauck1998,
	author="Nauck, Detlef
	and Kruse, Rudolf",
	editor="Biethahn, J{\"o}rg
	and H{\"o}nerloh, Albrecht
	and Kuhl, Jochen
	and Leisewitz, Marie-Claire
	and Nissen, Volker
	and Tietze, Martin",
	title="Fuzzy-Systeme und Neuro-Fuzzy-Systeme",
	bookTitle="Betriebswirtschaftliche Anwendungen des Soft Computing: Neuronale Netze, Fuzzy-Systeme und Evolution{\"a}re Algorithmen",
	year="1998",
	publisher="Vieweg+Teubner Verlag",
	address="Wiesbaden",
	pages="35--54",
	isbn="978-3-322-86843-5",
	doi="10.1007/978-3-322-86843-5_2",
	url="http://dx.doi.org/10.1007/978-3-322-86843-5_2"
}

@book{Klir:1994:FSF:202684,
	author = {Klir, George J. and Yuan, Bo},
	title = {Fuzzy Sets and Fuzzy Logic: Theory and Applications},
	year = {1995},
	isbn = {0-13-101171-5},
	publisher = {Prentice-Hall, Inc.},
	address = {Upper Saddle River, NJ, USA},
} 

@article{doi:10.1142/S0218488594000250,
	author = {MIZUMOTO, M.},
	title = {FUZZY CONTROLS BY PRODUCT-SUM-GRAVITY METHOD DEALING WITH FUZZY RULES OF EMPHATIC AND SUPPRESSIVE TYPES},
	journal = {International Journal of Uncertainty, Fuzziness and Knowledge-Based Systems},
	volume = {02},
	number = {03},
	pages = {305-319},
	year = {1994},
	doi = {10.1142/S0218488594000250},
	
	URL = {http://www.worldscientific.com/doi/abs/10.1142/S0218488594000250},
	eprint = {http://www.worldscientific.com/doi/pdf/10.1142/S0218488594000250}
}

@article{Munakata:1994:FSO:175247.175254,
	author = {Munakata, Toshinori and Jani, Yashvant},
	title = {Fuzzy Systems: An Overview},
	journal = {Commun. ACM},
	issue_date = {March 1994},
	volume = {37},
	number = {3},
	month = mar,
	year = {1994},
	issn = {0001-0782},
	pages = {68--76},
	numpages = {9},
	url = {http://doi.acm.org/10.1145/175247.175254},
	doi = {10.1145/175247.175254},
	acmid = {175254},
	publisher = {ACM},
	address = {New York, NY, USA},
} 

@book{Negoita:1984:ESF:2321,
	author = {Negoita, Constantin Virgil},
	title = {Expert Systems and Fuzzy Systems},
	year = {1985},
	isbn = {0-8053-6840-X},
	publisher = {Benjamin-Cummings Publishing Co., Inc.},
	address = {Redwood City, CA, USA},
} 

@inproceedings{mamdani1974application,
	title={Application of fuzzy algorithms for control of simple dynamic plant},
	author={Mamdani, Ebrahim H},
	booktitle={Proceedings of the Institution of Electrical Engineers},
	volume={121},
	number={12},
	pages={1585--1588},
	year={1974},
	organization={IET}
}

@ARTICLE{6313399, 
	author={T. Takagi and M. Sugeno}, 
	journal={IEEE Transactions on Systems, Man, and Cybernetics}, 
	title={Fuzzy identification of systems and its applications to modeling and control}, 
	year={1985}, 
	volume={SMC-15}, 
	number={1}, 
	pages={116-132}, 
	keywords={fuzzy set theory;identification;process control;system theory;fuzzy identification;fuzzy model;industrial process control;input-output data;modelling;steel-making process;systems identification;water cleaning process;Cognition;Data models;Fuzzy sets;Mathematical model;Parameter estimation;Performance analysis;Vectors}, 
	doi={10.1109/TSMC.1985.6313399}, 
	ISSN={0018-9472}, 
	month={Jan},
}

@book{Pedrycz:1993:FCF:529624,
	author = {Pedrycz, Witold},
	title = {Fuzzy Control and Fuzzy Systems},
	year = {1993},
	isbn = {0471934755},
	edition = {2nd},
	publisher = {John Wiley \& Sons, Inc.},
	address = {New York, NY, USA},
} 

@Article{Gerla2005,
	author="Gerla, Giangiacomo",
	title="Fuzzy Logic Programming and Fuzzy Control",
	journal="Studia Logica",
	year="2005",
	volume="79",
	number="2",
	pages="231--254",
	abstract="We show that it is possible to base fuzzy control on fuzzy logic programming. Indeed, we observe that the class of fuzzy Herbrand interpretations gives a semantics for fuzzy programs and we show that the fuzzy function associated with a fuzzy system of IF-THEN rules is the fuzzy Herbrand interpretation associated with a suitable fuzzy program.",
	issn="1572-8730",
	doi="10.1007/s11225-005-2977-0",
	url="http://dx.doi.org/10.1007/s11225-005-2977-0"
}






